%%%%%%%%%%%%%%%%%%%%%%%%%%%%%%%%%%%%%%%%%%%%%%%%%%%%%%%%%%%%%%%%%%%%%%%%%%%%%%%%
% File: refs483notes.bib
% Project: MA483 Notes
% Description: Bibliography for MA483 Course Notes

@book{Doyle1890,
  author = {Doyle, Sir Arthur Conan},
  title = {The Sign of the Four},
  date = {1890},
  publisher = {Spencer Blackett}}
  
@incollection{Dudeck1981,
  author = {Dudeck, A E and Peeacock, C H},
  editor = {R W Sheard},
  title = {Effects of Several Overseeded Ryegrasses on Turf Quality, Traffic Tolerance and Ball Roll},
  booktitle = {Proceedings of the Fourth International Turfgrass Research Conference},
  date = {1981},
  pages = {75-81},
}
  
@article{Wickham2014,
  author = {Wickham, Hadley},
  title = {Tidy Data},
  journal = {Journal of Statistical Software},
  year = {2014},
  volume = {59},
  number = {10},
  pages = {1-23},
}
  

@article{Goldstein2011,
  author = {Goldstein, Bernard D and Osofsky, Howard J and Lichtveld, Maureen Y},
  title = {The Gulf Oil Spill},
  journal = {The New England Journal of Medicine},
  year = {2011},
  volume = {364},
  pages = {1334-1348},
  doi = {10.1056/NEJMra1007197}}


@article{Johnson2003,
  author = {Johnson, Eric J and Goldstein, Daniel},
  title = {Do Defaults Save Lives?},
  journal = {Science},
  year = {2003},
  volume = {302},
  pages = {1338-1339},
}

@book{Kruschke2015,
  author = {Kruschke, John K},
  title = {Doing Bayesian Data Analysis: A Tutorial with R, JAGS, and Stan},
  edition = {2nd},
  date = {2015},
  publisher = {Elsevier}
}


@UNPUBLISHED{Lee1992,
  author = {J Lee},
  title  = {Relationships Between Properties of Pulp-Fibre and Paper},
  note   = {Unpublished PhD Thesis},
  year   = {1992}
}

 
@book{Tintle2015,
  author = {Tintle, Nathan and Chance, Beth L and Rossman, A J and Roy, S and Swanson, T and VanderStoep, J},
  title = {Introduction to Statistical Investigations},
  date = {2015},
  publisher = {Wiley},
}  
